---
---
References
==========
@article{Brzobohaty2013,
author = {Brzobohat\'{y}, O and Kar\'{a}sek, V and \v{S}iler, M},
doi = {10.1038/NPHOTON.2012.332},
file = {:Users/Zaaron/Library/Application Support/Mendeley Desktop/Downloaded/Brzobohat\'{y}, Kar\'{a}sek, \v{S}iler - 2013 - Experimental demonstration of optical transport, sorting and self-arrangement using atractor beam.pdf:pdf},
journal = {Nature \ldots},
number = {February},
pages = {123--128},
title = {Experimental demonstration of optical transport, sorting and self-arrangement using a/tractor beam/'},
url = {http://www.nature.com/nphoton/journal/vaop/ncurrent/full/nphoton.2012.332.html },
volume = {7},
year = {2013}
}